
@article{unitaryDual,
author={Adams, J. and Trapa, Peter and van Leeuwen, Marc and Vogan, David A. Jr.},
title={Unitary Dual of Real Reductive Groups},
year={2012},
note={\tt arXiv:1212:2192}
}

@incollection {schmid_vilonen_hodge_theory,
    AUTHOR = {Schmid, Wilfried and Vilonen, Kari},
     TITLE = {Hodge theory and unitary representations},
 BOOKTITLE = {Representations of reductive groups},
    SERIES = {Progr. Math.},
    VOLUME = {312},
     PAGES = {443--453},
 PUBLISHER = {Birkh\"auser/Springer, Cham},
      YEAR = {2015},
   MRCLASS = {22E46 (32C38 58A14)},
  MRNUMBER = {3495806},
}
		
@incollection {schimd_vilonen_hodge_theory_sl2,
    AUTHOR = {Schmid, Wilfried and Vilonen, Kari},
     TITLE = {Hodge theory and unitary representations of reductive {L}ie
              groups},
 BOOKTITLE = {Frontiers of mathematical sciences},
     PAGES = {397--420},
 PUBLISHER = {Int. Press, Somerville, MA},
      YEAR = {2011},
   MRCLASS = {22E46 (22D10 32C38 32G20 32M05 58A14)},
  MRNUMBER = {3050836},
MRREVIEWER = {Salah Mehdi},
}

